<record><leader>00000cas a22000007a 4500</leader><controlfield tag="001">31686671</controlfield><controlfield tag="008">941213d185118uukyudn ne      0    0eng d</controlfield><datafield ind1=" " ind2=" " tag="010"><subfield code="a">sn 94060763 </subfield></datafield><datafield ind1=" " ind2=" " tag="040"><subfield code="a">NVF</subfield><subfield code="b">eng</subfield><subfield code="c">NVF</subfield><subfield code="d">OCL</subfield><subfield code="d">OCLCQ</subfield><subfield code="d">OCLCF</subfield><subfield code="d">OCLCO</subfield></datafield><datafield ind1="1" ind2=" " tag="029"><subfield code="a">AU@</subfield><subfield code="b">000011427675</subfield></datafield><datafield ind1=" " ind2=" " tag="042"><subfield code="a">msc</subfield></datafield><datafield ind1=" " ind2=" " tag="043"><subfield code="a">n-us-ky</subfield></datafield><datafield ind1="0" ind2=" " tag="130"><subfield code="a">Daily Kentucky flag (Newport, Ky.)</subfield></datafield><datafield ind1="1" ind2="4" tag="245"><subfield code="a">The Daily Kentucky flag.</subfield></datafield><datafield ind1="3" ind2="0" tag="246"><subfield code="a">Daily flag</subfield></datafield><datafield ind1="3" ind2="0" tag="246"><subfield code="a">Kentucky flag</subfield></datafield><datafield ind1=" " ind2=" " tag="260"><subfield code="a">Newport, Ky. :</subfield><subfield code="b">Samuel Pike &amp; Son</subfield></datafield><datafield ind1=" " ind2=" " tag="300"><subfield code="a">v.</subfield></datafield><datafield ind1=" " ind2=" " tag="310"><subfield code="a">Daily (except Monday),</subfield><subfield code="b">Dec. 9, 1851-&lt;Feb. 4, 1852&gt;</subfield></datafield><datafield ind1=" " ind2=" " tag="321"><subfield code="a">Daily (except Sunday),</subfield><subfield code="b">Nov. 19, 1851-Dec. 7, 1851</subfield></datafield><datafield ind1="0" ind2=" " tag="362"><subfield code="a">Vol. 1, no. 1 (Nov. 19, 1851)-</subfield></datafield><datafield ind1=" " ind2=" " tag="500"><subfield code="a">Published also in Covington, Ky., Nov. 19, 1851-&lt;Feb. 4, 1852&gt;.</subfield></datafield><datafield ind1=" " ind2=" " tag="580"><subfield code="a">Other ed.: Weekly Kentucky flag, &lt;1852&gt;.</subfield></datafield><datafield ind1=" " ind2="0" tag="651"><subfield code="a">Newport (Ky.)</subfield><subfield code="v">Newspapers.</subfield></datafield><datafield ind1=" " ind2="7" tag="655"><subfield code="a">Newspapers.</subfield><subfield code="2">fast</subfield><subfield code="0">(OCoLC)fst01423814</subfield></datafield><datafield ind1=" " ind2="7" tag="651"><subfield code="a">Kentucky</subfield><subfield code="z">Newport.</subfield><subfield code="2">fast</subfield><subfield code="0">(OCoLC)fst01226268</subfield></datafield><datafield ind1=" " ind2=" " tag="752"><subfield code="a">United States</subfield><subfield code="b">Kentucky</subfield><subfield code="c">Campbell</subfield><subfield code="d">Newport.</subfield></datafield><datafield ind1=" " ind2=" " tag="752"><subfield code="a">United States</subfield><subfield code="b">Kentucky</subfield><subfield code="c">Kenton</subfield><subfield code="d">Covington.</subfield></datafield><datafield ind1="1" ind2=" " tag="775"><subfield code="t">Weekly Kentucky flag</subfield><subfield code="w">(DLC)sn 82015399</subfield></datafield></record>